@inproceedings{nilsson2002functional,
  title={Functional reactive programming, continued},
  author={Nilsson, Henrik and Courtney, Antony and Peterson, John},
  booktitle={Proceedings of the 2002 ACM SIGPLAN workshop on Haskell},
  pages={51--64},
  year={2002}
}
